%! Author = user
%! Date = 17.06.2022

